<record><leader>00000cas a22000007a 4500</leader><controlfield tag="001">12850421</controlfield><controlfield tag="008">851126c18839999iauwr ne      0    0eng d</controlfield><datafield ind1=" " ind2=" " tag="010"><subfield code="a">sn 85049841 </subfield></datafield><datafield ind1=" " ind2=" " tag="040"><subfield code="a">INP</subfield><subfield code="b">eng</subfield><subfield code="c">INP</subfield><subfield code="d">OCLCQ</subfield></datafield><datafield ind1=" " ind2=" " tag="042"><subfield code="a">msc</subfield></datafield><datafield ind1="0" ind2="4" tag="245"><subfield code="a">The Walnut bureau.</subfield></datafield><datafield ind1=" " ind2=" " tag="260"><subfield code="a">Walnut, Iowa :</subfield><subfield code="b">F.T. Sheppard</subfield></datafield><datafield ind1=" " ind2=" " tag="300"><subfield code="a">v. :</subfield><subfield code="b">ill.</subfield></datafield><datafield ind1=" " ind2=" " tag="310"><subfield code="a">Weekly</subfield></datafield><datafield ind1="1" ind2=" " tag="362"><subfield code="a">Began between May 18 and June 21, 1883.</subfield></datafield><datafield ind1=" " ind2=" " tag="500"><subfield code="a">"Walnut Centennial Edition" published as Vol. 96, no. 6 (July 1, 1971).</subfield></datafield><datafield ind1=" " ind2=" " tag="500"><subfield code="a">Publisher varies.</subfield></datafield><datafield ind1=" " ind2=" " tag="500"><subfield code="a">Original editor: Frank T. Sheppard.</subfield></datafield><datafield ind1=" " ind2=" " tag="588"><subfield code="a">Description based on: Vol. 6, no. 5 (June 21, 1883).</subfield></datafield><datafield ind1=" " ind2=" " tag="752"><subfield code="a">United States</subfield><subfield code="b">Iowa</subfield><subfield code="c">Pottawattamie</subfield><subfield code="d">Walnut.</subfield></datafield><datafield ind1="0" ind2="0" tag="780"><subfield code="t">Walnut news</subfield><subfield code="w">(DLC)sn 85049840</subfield></datafield><datafield ind1="1" ind2=" " tag="029"><subfield code="a">AU@</subfield><subfield code="b">000025785515</subfield></datafield></record>